<?xml version="1.0" encoding="UTF-8"?>
<collection xmlns="http://www.loc.gov/MARC21/slim">
<record xmlns="http://www.loc.gov/MARC21/slim">
      <datafield tag="024" ind1="7" ind2=" ">
           <subfield code="a">DOI identifier</subfield>
           <subfield code="2">Type of identifier</subfield>
    </datafield>
    <datafield tag="260" ind1=" " ind2=" ">
	  <subfield code="c">date (yy/mm/dd)</subfield>
     </datafield>
     <datafield tag="100" ind1=" " ind2=" ">
          <subfield code="a">First author</subfield>
          <subfield code="v">Affiliation</subfield>
          <subfield code="w">Country</subfield>
          <subfield code="j">orcid</subfield>
    </datafield>
    <datafield tag="245" ind1=" " ind2=" ">
          <subfield code="a">Title of a resource</subfield>
    </datafield>
    <datafield tag="520" ind1=" " ind2=" ">
          <subfield code="a">Abstract</subfield>
    </datafield>
    <datafield tag="540" ind1=" " ind2=" ">
           <subfield code="a">License</subfield>
           <subfield code="u">URL to license documentation</subfield>
    </datafield>
    <datafield tag="536" ind1=" " ind2=" ">
	    <subfield code="c">Projectof of a resource</subfield>
	</datafield>
    <datafield tag="700" ind1=" " ind2=" ">
            <subfield code="a">Other author</subfield>
            <subfield code="v">affiliation</subfield>
            <subfield code="w">country</subfield>
            <subfield code="j">orcid</subfield>
    </datafield>
    <datafield tag="999" ind1="C" ind2="5">
	    <subfield code="9">CURATOR</subfield>
	    <subfield code="a">doi references</subfield>
	    <subfield code="o">[1]</subfield>
	   <subfield code="t">title of a reference</subfield>
           <subfield code="y">year</subfield>
    </datafield>
     <datafield tag="653" ind1="1" ind2=" ">
           <subfield code="a">Keyword</subfield>
         </datafield>
    <datafield tag="FFT" ind1="" ind2=" ">
          <subfield code="a">URL links to XML and fulltext files</subfield>
    </datafield>
    <datafield xmlns="" tag="980" ind1=" " ind2=" ">
          <subfield code="a">category upload </subfield>
    </datafield>
    <datafield xmlns="" tag="041" ind1=" " ind2=" ">
          <subfield code="a">language (es. eng)</subfield>
    </datafield>
    <datafield xmlns="" tag="042" ind1=" " ind2=" ">
          <subfield code="a">Researchers</subfield>
    </datafield>
    <datafield xmlns="" tag="043" ind1=" " ind2=" ">
           <subfield code="a">type of the resource</subfield>
    </datafield>
  </record>
</collection>
